<?xml version="1.0" encoding="UTF-8"?><collection><record><leader>06462ntm a2200589 a 4500</leader><controlfield tag="001">006805290</controlfield><controlfield tag="003">MiAaHDL</controlfield><controlfield tag="005">20190719000000.0</controlfield><controlfield tag="006">m        d        </controlfield><controlfield tag="007">cr bn ---auaua</controlfield><controlfield tag="008">090531s1625    xx            00| ||ara d</controlfield><datafield tag="035" ind1=" " ind2=" "><subfield code="a">(MiU)006805290</subfield></datafield><datafield tag="035" ind1=" " ind2=" "><subfield code="a">sdr-miu006805290</subfield></datafield><datafield tag="040" ind1=" " ind2=" "><subfield code="a">MiU</subfield><subfield code="c">MiU</subfield><subfield code="e">amremm</subfield></datafield><datafield tag="043" ind1=" " ind2=" "><subfield code="a">n-us-mi</subfield></datafield><datafield tag="100" ind1="1" ind2=" "><subfield code="6">880-01</subfield><subfield code="a">Rāzī, Fakhr al-Dīn Muḥammad ibn ʻUmar,</subfield><subfield code="d">1149 or 1150-1210.</subfield></datafield><datafield tag="240" ind1="1" ind2="0"><subfield code="6">880-02</subfield><subfield code="a">Manāqib al-Imām al-Shāfiʻī</subfield></datafield><datafield tag="245" ind1="1" ind2="0"><subfield code="6">880-03</subfield><subfield code="a">Kitāb fī faḍāʼil al-Shāfiʿī,</subfield><subfield code="f">[1034, i.e. 1625].</subfield></datafield><datafield tag="260" ind1=" " ind2=" "><subfield code="c">[1625].</subfield></datafield><datafield tag="300" ind1=" " ind2=" "><subfield code="a">164 leaves :</subfield><subfield code="b">paper ;</subfield><subfield code="c">195 x 148 (165 x 97) mm. bound to 200 x 155 mm.</subfield></datafield><datafield tag="500" ind1=" " ind2=" "><subfield code="a">Shelfmark: Ann Arbor, University of Michigan, Special Collections Library, Isl. Ms. 604</subfield></datafield><datafield tag="500" ind1=" " ind2=" "><subfield code="a">Origin: As appears in colophon on p.323, copied by Manṣūr al-ʻAṭṭār [?] with transcription completed 20 Rabī II 1034 [ca. 30 January 1625].</subfield></datafield><datafield tag="500" ind1=" " ind2=" "><subfield code="a">Accompanying materials: a. Inventory cataloguing slip in hand of Winifred Smeaton Thomas -- b. Acquisitions slip from Yahuda.</subfield></datafield><datafield tag="500" ind1=" " ind2=" "><subfield code="a">Former shelfmark: From interior of upper cover "IL 270" (likely supplied by Yahuda, see acquisitions slip).</subfield></datafield><datafield tag="500" ind1=" " ind2=" "><subfield code="a">Binding: Pasteboards covered in dark blue cloth with black leather over spine (quarter binding) ; Type III binding (without flap), approaching Western style (not flush with text block, etc.) ; pastedowns and flyleaves in brown wove paper ; upper and lower covers bear embossed emblems of the Ottoman Empire - upper cover, what appears to be the tuğra / ṭughrā of the sultan [Mahmut II ?] and lower cover, crescent and star ; resewn over cords in white thread, six stations ; overall in somewhat poor condition with spine leather lifting (printed waste used in spine lining and lower hinge), splitting and deteriorating, minor abrasion and staining of cloth, some spine slant (slightly cocked).</subfield></datafield><datafield tag="500" ind1=" " ind2=" "><subfield code="a">Support: European laid paper with 8 laid lines per cm. (vertical), chain lines spaced 26 mm. apart (horizontal), and anchor in circle with trefoil above watermark (see p.28, 29, etc.) ; dark cream in color, fairly crisp though sturdy, well-burnished to glossy (in vicinity of p.179 extremely smooth and glossy) ; some staining.</subfield></datafield><datafield tag="500" ind1=" " ind2=" "><subfield code="a">Decoration: Keywords, section headings, and abbreviation symbols rubricated ; textual dividers in the form of red inverted commas or discs (occasionally in threes).</subfield></datafield><datafield tag="500" ind1=" " ind2=" "><subfield code="a">Script: Naskh ; clear 'Syrian' or Egyptian [?] hand ; virtually serifless (though occasional rightward serifs appear on freestanding alif, lām, etc.) and quite rounded, pointing in distinct dots, curvilinear descenders, kāf mashqūqah preferred (even final kāf), partially vocalized.</subfield></datafield><datafield tag="500" ind1=" " ind2=" "><subfield code="a">Layout: Written in 21 lines per page.</subfield></datafield><datafield tag="500" ind1=" " ind2=" "><subfield code="a">Collation: ii, V-1 (9), 15 V(159), II+1 (164), ii ; chiefly quinions ; quire numbering in the form of whole words in the upper outer corner of the opening recto of the second and third quire, thereafter in the form of Hindu-Arabic numerals (red or black ink) ; catchwords present though often lost to trimming ; pagination in pencil, Western numerals, supplied during digitization.</subfield></datafield><datafield tag="500" ind1=" " ind2=" "><subfield code="a">Colophon: "Scribal," reads "على يد منصور العطار غفر له ولوالديه في عشرين ربيع الثاني من شهور سنة ۱۰۳۴"</subfield></datafield><datafield tag="500" ind1=" " ind2=" "><subfield code="a">Explicit: "فنثبت ان الذي طنوه [؟] حجة لهم فهو حجة لنا عليهم والله اعلم واعلم ان الفرض [في] تعيين المسائل وتعديدها لا يليق بهذا الكتاب ولما وصلنا الي هذا الموضع فلنقطع كلامنا وحامدين لله تعالى ومصليين على رسوله محمد المصطفى صلى الله عليه وسلم وعلى اله واصحابه وسلم تسليما كثيرا"</subfield></datafield><datafield tag="500" ind1=" " ind2=" "><subfield code="a">Incipit: "قال الشيخ الامام ... فخر الملة والدين ابو عبد الله محمد بن عمر الرازي برد الله مضجعه الحمد لله الذي لا خالق للاشياء الا هو ولا رازق للاحياء الا هو ... اما بعد فقد سألني جماعة من افاضل الاصحاب والكابر الانساب ان اصنف مختصرا ملخصا من فضائل الشافعي المطلبي رضي الله عنه وفي ترجيح مذهبه فصنفت هذا المختصر ..."</subfield></datafield><datafield tag="500" ind1=" " ind2=" "><subfield code="a">Title from 'title page' (p.1).</subfield></datafield><datafield tag="500" ind1=" " ind2=" "><subfield code="a">Ms. codex.</subfield></datafield><datafield tag="510" ind1="4" ind2=" "><subfield code="a">Ḥājjī Khalīfah. Kashf al-ẓunūn,</subfield><subfield code="c">vi 149, no.13014</subfield></datafield><datafield tag="510" ind1="4" ind2=" "><subfield code="a">Brockelmann, C. GAL,</subfield><subfield code="c">I 506 (no.1)</subfield></datafield><datafield tag="520" ind1="8" ind2=" "><subfield code="a">Fine copy of the well-known hagiographical work by Fakhr al-Dīn al-Rāzī (d.1210) on the life and merits of al-Imām Abū ʻAbd Allāh Muḥammad ibn Idrīs al-Shāfiʻī (d. 820), the eponym of the Shāfiʻī school (madhhab).</subfield></datafield><datafield tag="538" ind1=" " ind2=" "><subfield code="a">Mode of access: Internet.</subfield></datafield><datafield tag="541" ind1=" " ind2=" "><subfield code="a">Acquired in 1926 from the bookseller Isaac Benjamin S.E. Yahuda via purchase transacted on his behalf by Abraham Shalom Yahuda (1877-1951), his younger brother.</subfield></datafield><datafield tag="546" ind1=" " ind2=" "><subfield code="a">Arabic.</subfield></datafield><datafield tag="561" ind1=" " ind2=" "><subfield code="a">Several ownership statements on 'title page' (p.1), at least four of them effaced (one dated 1279 [1862 or 3]), and one legible in name of ʻAbd al-Raḥmān ibn Pīr [?] al-Sankawī [Sangāwī ?] ( عبد الرحمن بن پير السنكوى [؟] ) ; collation marks and notes ("لغ مقابلة على حسب الطاقة والامكان", etc.) on verso of final leaf of practically every quire ; marginal corrections (with signes de renvoi) ; added excerpts at close "كتاب فيه مسائل ابي حاتم رضي الله عنه" (pp.326-328).</subfield></datafield><datafield tag="600" ind1="1" ind2="0"><subfield code="a">Shāfiʻī, Muḥammad ibn Idrīs,</subfield><subfield code="d">767 or 768-820</subfield><subfield code="v">Early works to 1800.</subfield></datafield><datafield tag="650" ind1=" " ind2="0"><subfield code="a">Manuscripts, Arabic</subfield><subfield code="z">Michigan</subfield><subfield code="z">Ann Arbor.</subfield></datafield><datafield tag="650" ind1=" " ind2="0"><subfield code="a">Practice of law (Islamic law)</subfield><subfield code="v">Early works to 1800.</subfield></datafield><datafield tag="650" ind1=" " ind2="0"><subfield code="a">Shafiites</subfield><subfield code="v">Biography</subfield><subfield code="v">Early works to 1800.</subfield></datafield><datafield tag="700" ind1="0" ind2=" "><subfield code="6">880-04</subfield><subfield code="a">Manṣūr al-ʻAṭṭār,</subfield><subfield code="d">fl. 1625,</subfield><subfield code="e">scribe.</subfield></datafield><datafield tag="773" ind1="0" ind2=" "><subfield code="a">Yahuda Collection.</subfield></datafield><datafield tag="880" ind1="0" ind2=" "><subfield code="6">700-04/</subfield><subfield code="a">منصور العطار,</subfield><subfield code="e">ناسخ.</subfield></datafield><datafield tag="880" ind1="1" ind2="0"><subfield code="6">245-03/</subfield><subfield code="a">كتاب في فضائل الشافعي,</subfield><subfield code="f">[1034ه، 1625م].</subfield></datafield><datafield tag="880" ind1="1" ind2="0"><subfield code="6">240-02/</subfield><subfield code="a">مناقب الامام الشافعي</subfield></datafield><datafield tag="880" ind1="1" ind2=" "><subfield code="6">100-01/</subfield><subfield code="a">رازي، فخر الدين محمد بن عمر.</subfield></datafield><datafield tag="CID" ind1=" " ind2=" "><subfield code="a">006805290</subfield></datafield><datafield tag="DAT" ind1="0" ind2=" "><subfield code="a">20190719102637.0</subfield><subfield code="b">20190719000000.0</subfield></datafield><datafield tag="DAT" ind1="1" ind2=" "><subfield code="a">20190719090653.0</subfield><subfield code="b">2019-07-19T16:11:31Z</subfield></datafield><datafield tag="DAT" ind1="2" ind2=" "><subfield code="a">2015-10-02T18:00:03Z</subfield></datafield><datafield tag="CAT" ind1=" " ind2=" "><subfield code="a">SDR-MIU</subfield><subfield code="d">EX LIBRIS - ALEPH</subfield><subfield code="l">prepare.pl-004-008</subfield></datafield><datafield tag="FMT" ind1=" " ind2=" "><subfield code="a">BK</subfield></datafield><datafield tag="HOL" ind1=" " ind2=" "><subfield code="0">sdr-miu006805290</subfield><subfield code="a">MiU</subfield><subfield code="b">SDR</subfield><subfield code="c">MIU</subfield><subfield code="p">mdp.39015079127315</subfield><subfield code="s">MIU</subfield><subfield code="1">006805290</subfield></datafield><datafield tag="974" ind1=" " ind2=" "><subfield code="b">MIU</subfield><subfield code="c">MIU</subfield><subfield code="d">20190719</subfield><subfield code="s">lit-dlps-dc</subfield><subfield code="u">mdp.39015079127315</subfield><subfield code="y">1625</subfield><subfield code="r">pd</subfield><subfield code="q">bib</subfield><subfield code="t">non-US bib date1 &lt; 1879</subfield></datafield></record></collection>